3475 5200
389 536 391 543 ¹
496 364 1156 516 ¹¹ruuourssss.
1263 496 1267 503 .
1409 455 1456 526 ss

285 601 463 695 xssyalls
486 623 509 677 a
531 596 750 686 Veteribus,
771 598 802 675 ls.
821 629 846 674 e.
874 623 893 675 a
912 598 993 676 Diis
1013 600 1125 694 dicit;
1154 623 1235 699 quae
1253 602 1453 681 consecutis

286 702 527 796 temporibus
546 694 692 795 Cyanes
718 696 796 772 laxs
821 696 912 777 ditia
936 695 1026 774 sunt,
1082 706 1157 771 Tria
1178 698 1236 775 hic
1262 700 1342 777 loca
1367 724 1451 796 pro·

287 794 1452 1002 ,Pessimumarrasausura

294 994 412 1068 altera
434 1010 478 1065 ex
501 984 748 1091 adversmduo
771 987 822 1060 rllr
848 1004 1011 1082 urgentes
1039 986 1176 1083 scopuli
1191 991 1284 1064 inter
1312 996 1342 1066 le
1363 1014 1449 1090 pru-

299 1090 425 1162 ximia
447 1086 570 1160 lutere.
622 1080 716 1157 Cum
744 1104 831 1158 vero
863 1085 1064 1160 alterutrius
1095 1087 1205 1180 partis
1224 1086 1448 1165 subeundum

302 1182 383 1259 silet
405 1176 521 1278 Ulyili
543 1178 775 1274 periculum,
803 1192 930 1254 monet
951 1178 1084 1265 Circe,
1108 1198 1150 1257 ut
1163 1183 1264 1259 malit
1283 1206 1346 1279 per
1364 1190 1448 1278 Scyl-

297 1283 356 1353 lam
373 1277 418 1366 ἓξ
438 1274 630 1370 Charybdim
653 1272 797 1349 traufire
817 1328 828 1358 ,
856 1298 964 1361 uuam
990 1299 1057 1370 per
1075 1280 1247 1364 Planlias,
1275 1303 1354 1376 quae
1370 1305 1447 1358 cer·
1488 1310 1493 1329 ¹

292 1394 367 1453 tum
393 1389 506 1471 atque
526 1370 750 1467 irreparabile
765 1385 844 1448 tum
860 1371 924 1447 sibi
940 1387 1018 1448 tum
1041 1371 1142 1449 sociis
1155 1378 1324 1451 omnibus
1342 1377 1449 1454 infer·
1500 1450 1505 1459 ,

290 1488 373 1547 rent
397 1470 555 1545 exitium
572 1489 584 1559 ;
608 1466 796 1566 rursusque
815 1486 856 1544 ut
873 1473 970 1561 scylla
986 1474 1105 1563 potius
1119 1472 1332 1549 detrimenta
1345 1476 1444 1561 ierat.
1525 1514 1528 1525 ·

288 1574 405 1665 quum
427 1564 602 1659 classus.
654 1560 837 1639 Cu'nvenir
854 1572 951 1640 enim
970 1562 1108 1662 Ulyilr,
1137 1566 1282 1664 sapienti
1306 1572 1341 1645 δι
1363 1594 1446 1647 cor-

290 1670 381 1740 dato
405 1663 506 1747 viru,
531 1674 595 1747 ut,
622 1662 764 1759 quoties
785 1660 861 1737 duu
882 1664 1051 1757 ingruant
1081 1664 1197 1749 mala,
1222 1672 1339 1742 minus
1359 1668 1447 1744 iem·

293 1782 360 1859 per
384 1757 500 1855 eligat.
595 1812 600 1827 .
989 1807 993 1814 -
1160 1790 1163 1795 ·
1444 1764 1487 1847 J

341 1854 456 1947 Quod
474 1856 602 1931 attinet
612 1850 661 1939 ,ud
676 1850 768 1932 duos
785 1851 866 1929 illus
880 1850 1071 1947 scopulos,
1098 1853 1346 1951 frequentibus
1360 1856 1448 1936 nau-

293 1950 410 2049 fragiis
432 1950 521 2026 olim
547 1949 730 2038 iuiimes,
756 1947 900 2025 afferam
933 1953 1056 2044 Virgilii
1081 1952 1301 2039 verlirtulus',
1326 1958 1446 2050 quiin

298 2057 348 2143 lli.
361 2049 430 2127 Lib.
441 2050 565 2120 AEueial.
580 2046 775 2143 utrumque
795 2044 916 2121 susum
935 2046 1023 2122 illud
1039 2070 1084 2122 ex
1101 2057 1241 2143 Homero
1255 2049 1443 2151 descriplit.
1521 2144 1528 2151 g

299 2142 352 2221 De
372 2148 470 2237 Scylla
487 2146 630 2240 iuquit:
658 2149 722 2236 (v,
735 2161 817 2233 42¹²·
840 2145 934 2236 sqq.)
1287 2218 1291 2229 ,

310 2330 312 2335 ·
368 2243 669 2425 rursu
692 2236 1216 2426 ‘uiuamus

282 2500 284 2505 .
371 2442 477 2507 Prima
495 2369 628 2507 huminis
637 2391 737 2527 firhies
760 2486 771 2517 ,
794 2429 840 2518 δέ
860 2435 970 2524 pulcro
987 2436 1109 2527 paliure
1130 2393 1229 2530 uirgu-
1368 2406 1373 2417 ,

282 2532 283 2545 ’
371 2531 453 2604 Pube
471 2534 581 2604 tenus.-
602 2534 752 2624 postrema
769 2534 897 2600 immani
917 2549 1043 2623 corpore
1058 2538 1092 2626 pi
1134 2538 1189 2616 ix,
1281 2568 1284 2579 ·

341 2686 346 2694 .
372 2626 554 2722 Delphinum
576 2627 689 2701 cauala's
710 2645 801 2699 utus
824 2622 974 2719 commrffir
1000 2628 1153 2719 hrpurum.
1419 2691 1422 2698 .

293 2793 296 2800 .
347 2721 561 2815 rummesie
586 2725 686 2817 ajunt
707 2727 1000 2819 promontorium
1029 2725 1126 2810 iuxta
1156 2721 1367 2819 Rhegium,
1391 2726 1446 2803 Si-

293 2816 475 2894 ¹utlumin
505 2843 601 2896 mure
621 2823 832 2917 prominens
857 2872 868 2903 ,
896 2820 934 2891 in
963 2841 1040 2916 quo
1061 2818 1141 2894 sunt
1159 2820 1239 2896 saxu
1271 2821 1382 2897 mults
1407 2827 1445 2900 &

321 2914 477 3030 ingentia,
501 2941 580 3014 quae
598 2917 679 3030 loca
705 2919 852 3027 interius
875 2913 1008 2989 habent
1027 2935 1110 2990 casa
1125 2969 1136 3000 ,
1151 2916 1209 3027 ⁸&
1242 2914 1442 3013 speluncas,

289 3133 294 3152 ,
323 3010 1076 3195 llllllllllhisillarius,
1098 3012 1160 3183 ll
1183 3034 1445 3189 lllalllll

287 3215 291 3270 5
326 3198 471 3284 irrorari.
523 3204 619 3281 Hinc
640 3204 757 3290 fabula
784 3205 912 3296 Scylam
934 3198 1108 3302 effingens
1133 3206 1246 3283 ueluli
1271 3210 1442 3285 rabiosam

281 3369 282 3382 ,
325 3314 418 3376 canem
446 3301 568 3378 'multa
590 3304 704 3397 capita
722 3303 975 3385 emittentem,
1005 3303 1135 3400 quibus
1158 3303 1203 3379 ud
1230 3302 1265 3378 se
1292 3309 1444 3403 propiu-

280 3391 286 3498 l
325 3409 444 3484 quantes
461 3399 697 3495 quoscunque
715 3397 911 3489 corripiat,
938 3395 1166 3494 devoretque.

281 3507 282 3542 ³
359 3489 521 3591 Scopulus
549 3493 637 3570 alter
665 3495 715 3568 est
744 3491 896 3591 Scyllaeo
927 3494 1089 3579 vicinus,
1114 3492 1174 3570 fed
1206 3494 1438 3584 illuminor,

281 3593 282 3602 '
327 3596 468 3688 lltquem
488 3591 607 3684 jaculo
625 3587 730 3688 pussit
747 3588 930 3685 quisquam
949 3588 1090 3686 assequi.
1135 3593 1187 3664 'lu
1215 3613 1261 3666 eu
1281 3590 1369 3669 ficus
1390 3598 1441 3672 est

281 3687 287 3718 ·'
326 3673 462 3852 smestris
483 3741 493 3767 ‚
517 3687 579 3763 sub
605 3709 676 3784 qua
698 3686 832 3761 habitat
857 3684 1050 3778 Charybdis,
1076 3686 1177 3778 cuius
1201 3687 1337 3769 hi-iuat
1355 3691 1441 3771 effe-

390 3838 400 3868 ,
426 3799 467 3861 ut
486 3784 598 3859 undas
616 3783 801 3859 absorbeat
821 3782 858 3857 δι
879 3780 1055 3857 resorbeat
1077 3798 1130 3856 rer
1149 3784 1185 3858 iu
1208 3787 1277 3860 die.
1401 3873 1405 3882 ¹

377 3886 530 3954 Dextrum
550 3881 769 3972 Scyllarum,
795 3880 906 3951 laevsuu
922 3879 1084 3974 implacata
1106 3877 1274 3974 Charybdis
1318 3945 1322 3952 ,

378 3977 509 4069 obsidet,
535 3996 629 4070 atque
654 3984 717 4050 imo
736 3973 880 4049 barathri
902 3994 952 4082 ter
974 3985 1102 4070 gurgite
1120 3984 1216 4072 uastm

355 4106 358 4120 ·
377 4075 476 4147 lorber
497 4082 530 4147 r'u
556 4075 727 4169 abruptum
736 4073 882 4169 stulius,
905 4073 1071 4167 rursusque
1083 4073 1144 4164 suh
1163 4103 1259 4153 auras

377 4173 465 4269 Erigit
490 4172 654 4257 alterius,
679 4167 725 4264 lar
737 4168 841 4264 fidas
866 4170 1014 4266 verberat
1036 4170 1130 4247 uada.

521 4333 527 4345 ·
837 4309 921 4410 Ba
1171 4401 1174 4408 .
